<record><leader>00000cas a22000007a 4500</leader><controlfield tag="001">18545493</controlfield><controlfield tag="008">880929d18941895aruwr ne      0    0eng d</controlfield><datafield ind1=" " ind2=" " tag="010"><subfield code="a">sn 88051098 </subfield></datafield><datafield ind1=" " ind2=" " tag="040"><subfield code="a">ANU</subfield><subfield code="b">eng</subfield><subfield code="c">ANU</subfield><subfield code="d">OCLCQ</subfield></datafield><datafield ind1=" " ind2=" " tag="042"><subfield code="a">msc</subfield></datafield><datafield ind1="0" ind2="0" tag="245"><subfield code="a">Russellville express.</subfield></datafield><datafield ind1=" " ind2=" " tag="260"><subfield code="a">Russellville, Pope County, Ark. :</subfield><subfield code="b">W.E. Rutledge</subfield></datafield><datafield ind1=" " ind2=" " tag="300"><subfield code="a">v.</subfield></datafield><datafield ind1=" " ind2=" " tag="310"><subfield code="a">Weekly</subfield></datafield><datafield ind1="0" ind2=" " tag="362"><subfield code="a">Vol. 1, no. 1, (Sept. 15, 1894)-v. 1, no. 24 (Feb. 23, 1895).</subfield></datafield><datafield ind1=" " ind2=" " tag="752"><subfield code="a">United States</subfield><subfield code="b">Arkansas</subfield><subfield code="c">Pope</subfield><subfield code="d">Russellville.</subfield></datafield><datafield ind1="0" ind2="0" tag="785"><subfield code="t">Russellville siftings</subfield><subfield code="w">(DLC)sn 88051099</subfield></datafield></record>